<record><leader>00000cas a2200000 a 4500</leader><controlfield tag="001">4588220</controlfield><controlfield tag="008">790126d18041815vaucn ne      0    0eng c</controlfield><datafield ind1=" " ind2=" " tag="010"><subfield code="a">sn 84024736 </subfield></datafield><datafield ind1=" " ind2=" " tag="040"><subfield code="a">YSM</subfield><subfield code="b">eng</subfield><subfield code="c">YSM</subfield><subfield code="d">MUL</subfield><subfield code="d">NPV</subfield><subfield code="d">NPA</subfield><subfield code="d">NPX</subfield><subfield code="d">NPU</subfield><subfield code="d">NPX</subfield><subfield code="d">DLC</subfield><subfield code="d">PPM</subfield><subfield code="d">DLC</subfield><subfield code="d">NJW</subfield><subfield code="d">DLC</subfield><subfield code="d">OCL</subfield><subfield code="d">YOX</subfield><subfield code="d">MFN</subfield><subfield code="d">KNP</subfield><subfield code="d">CNW</subfield><subfield code="d">CNK</subfield><subfield code="d">NVK</subfield><subfield code="d">DCN</subfield><subfield code="d">NVF</subfield><subfield code="d">OCL</subfield><subfield code="d">NYS</subfield><subfield code="d">DLC</subfield><subfield code="d">KRTAS</subfield><subfield code="d">OCLCQ</subfield><subfield code="d">OCLCF</subfield><subfield code="d">OCLCO</subfield></datafield><datafield ind1=" " ind2=" " tag="012"><subfield code="b">3</subfield></datafield><datafield ind1=" " ind2=" " tag="019"><subfield code="a">2260771</subfield></datafield><datafield ind1="1" ind2=" " tag="029"><subfield code="a">AU@</subfield><subfield code="b">000003655563</subfield></datafield><datafield ind1=" " ind2=" " tag="042"><subfield code="a">pcc</subfield></datafield><datafield ind1=" " ind2=" " tag="043"><subfield code="a">n-us-va</subfield></datafield><datafield ind1="0" ind2="0" tag="050"><subfield code="a">Newspaper 10098</subfield></datafield><datafield ind1="0" ind2=" " tag="130"><subfield code="a">Enquirer (Richmond, Va. : 1804)</subfield></datafield><datafield ind1="1" ind2="4" tag="245"><subfield code="a">The enquirer.</subfield></datafield><datafield ind1=" " ind2=" " tag="260"><subfield code="a">Richmond, Va. :</subfield><subfield code="b">Ritchie &amp; Worsley,</subfield><subfield code="c">1804-1815.</subfield></datafield><datafield ind1=" " ind2=" " tag="300"><subfield code="a">v. ;</subfield><subfield code="c">54 cm.</subfield></datafield><datafield ind1=" " ind2=" " tag="310"><subfield code="a">Semiweekly (triweekly during sessions of the legislature)</subfield></datafield><datafield ind1="0" ind2=" " tag="362"><subfield code="a">Vol. 1, no. 1 (May 9, 1804)-v. 12, no. 39 (Sept. 16, 1815).</subfield></datafield><datafield ind1=" " ind2=" " tag="500"><subfield code="a">Publisher varies: T. Ritchie, July 30, 1805-</subfield></datafield><datafield ind1=" " ind2=" " tag="530"><subfield code="a">Available on microopaque from Readex Microprint Corp. and on microfilm from the Library of Congress, Photoduplication Service.</subfield></datafield><datafield ind1=" " ind2="0" tag="651"><subfield code="a">Richmond (Va.)</subfield><subfield code="v">Newspapers.</subfield></datafield><datafield ind1=" " ind2="0" tag="651"><subfield code="a">Henrico County (Va.)</subfield><subfield code="v">Newspapers.</subfield></datafield><datafield ind1=" " ind2="7" tag="655"><subfield code="a">Newspapers.</subfield><subfield code="2">fast</subfield><subfield code="0">(OCoLC)fst01423814</subfield></datafield><datafield ind1=" " ind2="7" tag="651"><subfield code="a">Virginia</subfield><subfield code="z">Henrico County.</subfield><subfield code="2">fast</subfield><subfield code="0">(OCoLC)fst01218953</subfield></datafield><datafield ind1=" " ind2="7" tag="651"><subfield code="a">Virginia</subfield><subfield code="z">Richmond.</subfield><subfield code="2">fast</subfield><subfield code="0">(OCoLC)fst01205345</subfield></datafield><datafield ind1=" " ind2=" " tag="752"><subfield code="a">United States</subfield><subfield code="b">Virginia</subfield><subfield code="c">Henrico</subfield><subfield code="d">Richmond.</subfield></datafield><datafield ind1="0" ind2="0" tag="780"><subfield code="t">Examiner (Richmond, Va. : 1798)</subfield><subfield code="w">(DLC)sn 84024732</subfield><subfield code="w">(OCoLC)11062516</subfield></datafield><datafield ind1="0" ind2="0" tag="785"><subfield code="t">Richmond enquirer (Richmond, Va. : 1815 : Semiweekly)</subfield><subfield code="w">(DLC)sn 84024735</subfield><subfield code="w">(OCoLC)1764332</subfield></datafield><datafield ind1=" " ind2=" " tag="938"><subfield code="a">Kirtas Technologies, Inc.</subfield><subfield code="b">KRTS</subfield><subfield code="n">735809</subfield></datafield></record>